@article{Ivanovic18,
  author    = {Boris Ivanovic and
               Marco Pavone},
  title     = {Modeling Multimodal Dynamic Spatiotemporal Graphs},
  journal   = {CoRR},
  volume    = {abs/1810.05993},
  year      = {2018},
  url       = {http://arxiv.org/abs/1810.05993},
  archivePrefix = {arXiv},
  eprint    = {1810.05993},
  timestamp = {Tue, 30 Oct 2018 20:39:56 +0100},
  biburl    = {https://dblp.org/rec/journals/corr/abs-1810-05993.bib},
  bibsource = {dblp computer science bibliography, https://dblp.org}
}

@article{Berg2011,
    author="van den Berg, Jur
    and Guy, Stephen J.
    and Lin, Ming
    and Manocha, Dinesh",
    editor="Pradalier, C{\'e}dric
    and Siegwart, Roland
    and Hirzinger, Gerhard",
    title="Reciprocal n-Body Collision Avoidance",
    booktitle="Robotics Research",
    year="2011",
    publisher="Springer Berlin Heidelberg",
    address="Berlin, Heidelberg",
    pages="3--19",
    isbn="978-3-642-19457-3"
}

@article{JansonSP15,
  author    = {Lucas Janson and
               Edward Schmerling and
               Marco Pavone},
  title     = {Monte Carlo Motion Planning for Robot Trajectory Optimization Under Uncertainty},
  journal   = {CoRR},
  volume    = {abs/1504.08053},
  year      = {2015},
  url       = {http://arxiv.org/abs/1504.08053},
  archivePrefix = {arXiv},
  eprint    = {1504.08053},
  timestamp = {Mon, 13 Aug 2018 16:46:12 +0200},
  biburl    = {https://dblp.org/rec/bib/journals/corr/JansonSP15},
  bibsource = {dblp computer science bibliography, https://dblp.org}
}

@Article{Ono2015,
    author="Ono, Masahiro
    and Pavone, Marco
    and Kuwata, Yoshiaki
    and Balaram, J.",
    title="Chance-constrained dynamic programming with application to risk-aware robotic space exploration",
    journal="Autonomous Robots",
    year="2015",
    month="Dec",
    day="01",
    volume="39",
    number="4",
    pages="555--571",
    issn="1573-7527",
    doi="10.1007/s10514-015-9467-7",
    url="https://doi.org/10.1007/s10514-015-9467-7"
}

@INPROCEEDINGS{Phillips2011, 
    author={M. {Phillips} and M. {Likhachev}}, 
    booktitle={2011 IEEE International Conference on Robotics and Automation}, 
    title={SIPP: Safe interval path planning for dynamic environments}, 
    year={2011}, 
    volume={}, 
    number={}, 
    pages={5628-5635}, 
    keywords={collision avoidance;mobile robots;safe interval path planning;dynamic environments;robotic path planning;static environments;dynamic obstacles;search space;PR2;mobile manipulation platform;Robots;Trajectory;Collision avoidance;Heuristic algorithms;Planning;Vehicle dynamics;Real time systems}, 
    doi={10.1109/ICRA.2011.5980306}, 
    ISSN={}, 
    month={May},
}

@article{Chen2017,
    author    = {Yu Fan Chen and
               Michael Everett and
               Miao Liu and
               Jonathan P. How},
    title     = {Socially Aware Motion Planning with Deep Reinforcement Learning},
    journal   = {CoRR},
    volume    = {abs/1703.08862},
    year      = {2017},
    url       = {http://arxiv.org/abs/1703.08862},
    archivePrefix = {arXiv},
    eprint    = {1703.08862},
    timestamp = {Thu, 12 Sep 2019 14:49:11 +0200},
    biburl    = {https://dblp.org/rec/bib/journals/corr/ChenELH17},
    bibsource = {dblp computer science bibliography, https://dblp.org}
}

@article{Everett2018,
    author    = {Michael Everett and
               Yu Fan Chen and
               Jonathan P. How},
    title     = {Motion Planning Among Dynamic, Decision-Making Agents with Deep Reinforcement
               Learning},
    journal   = {CoRR},
    volume    = {abs/1805.01956},
    year      = {2018},
    url       = {http://arxiv.org/abs/1805.01956},
    archivePrefix = {arXiv},
    eprint    = {1805.01956},
    timestamp = {Mon, 13 Aug 2018 16:47:46 +0200},
    biburl    = {https://dblp.org/rec/bib/journals/corr/abs-1805-01956},
    bibsource = {dblp computer science bibliography, https://dblp.org}
}

@article{Tschiatschek2019,
    author    = {Sebastian Tschiatschek and
               Ahana Ghosh and
               Luis Haug and
               Rati Devidze and
               Adish Singla},
    title     = {Learner-aware Teaching: Inverse Reinforcement Learning with Preferences
               and Constraints},
    journal   = {CoRR},
    volume    = {abs/1906.00429},
    year      = {2019},
    url       = {http://arxiv.org/abs/1906.00429},
    archivePrefix = {arXiv},
    eprint    = {1906.00429},
    timestamp = {Thu, 13 Jun 2019 13:36:00 +0200},
    biburl    = {https://dblp.org/rec/bib/journals/corr/abs-1906-00429},
    bibsource = {dblp computer science bibliography, https://dblp.org}
}

@article{Vemula2016,
    author    = {Anirudh Vemula and
               Katharina M{\"{u}}lling and
               Jean Oh},
    title     = {Path Planning in Dynamic Environments with Adaptive Dimensionality},
    journal   = {CoRR},
    volume    = {abs/1605.06853},
    year      = {2016},
    url       = {http://arxiv.org/abs/1605.06853},
    archivePrefix = {arXiv},
    eprint    = {1605.06853},
    timestamp = {Mon, 13 Aug 2018 16:49:09 +0200},
    biburl    = {https://dblp.org/rec/bib/journals/corr/VemulaMO16},
    bibsource = {dblp computer science bibliography, https://dblp.org}
}

@article{Chen2016,
    author    = {Min Chen and
               Emilio Frazzoli and
               David Hsu and
               Wee Sun Lee},
    title     = {POMDP-lite for Robust Robot Planning under Uncertainty},
    journal   = {CoRR},
    volume    = {abs/1602.04875},
    year      = {2016},
    url       = {http://arxiv.org/abs/1602.04875},
    archivePrefix = {arXiv},
    eprint    = {1602.04875},
    timestamp = {Wed, 05 Jun 2019 16:53:12 +0200},
    biburl    = {https://dblp.org/rec/bib/journals/corr/ChenFHL16},
    bibsource = {dblp computer science bibliography, https://dblp.org}
}

@InProceedings{Sadigh2016,
    author = {Sadigh, Dorsa and Kapoor, Ashish},
    title = {Safe Control Under Uncertainty with Probabilistic Signal Temporal Logic},
    booktitle = {Proceedings of Robotics: Science and Systems XII},
    year = {2016},
    month = {June},
    url = {https://www.microsoft.com/en-us/research/publication/safe-control-uncertainty-probabilistic-signal-temporal-logic/},
    edition = {Proceedings of Robotics: Science and Systems XII},
}

@inproceedings{Ma2018,
    author = {Ma, Yuexin and Manocha, Dinesh and Wang, Wenping},
    title = {Efficient Reciprocal Collision Avoidance Between Heterogeneous Agents Using CTMAT},
    booktitle = {Proceedings of the 17th International Conference on Autonomous Agents and MultiAgent Systems},
    series = {AAMAS '18},
    year = {2018},
    location = {Stockholm, Sweden},
    pages = {1044--1052},
    numpages = {9},
    url = {http://dl.acm.org/citation.cfm?id=3237383.3237853},
    acmid = {3237853},
    publisher = {International Foundation for Autonomous Agents and Multiagent Systems},
    address = {Richland, SC},
    keywords = {autonomous vehicles, collision avoidance, heterogeneous agents, multi-agent simulation, traffic simulation},
} 

@inproceedings{Hennes2012,
    author = {Hennes, Daniel and Claes, Daniel and Meeussen, Wim and Tuyls, Karl},
    year = {2012},
    month = {06},
    pages = {},
    title = {Multi-robot collision avoidance with localization uncertainty},
    volume = {2}
}

@article{Luo2018,
    author    = {Yuanfu Luo and
               Panpan Cai and
               Aniket Bera and
               David Hsu and
               Wee Sun Lee and
               Dinesh Manocha},
    title     = {Autonomous Driving among Many Pedestrians: Models and Algorithms},
    journal   = {CoRR},
    volume    = {abs/1805.11833},
    year      = {2018},
    url       = {http://arxiv.org/abs/1805.11833},
    archivePrefix = {arXiv},
    eprint    = {1805.11833},
    timestamp = {Mon, 13 Aug 2018 16:48:37 +0200},
    biburl    = {https://dblp.org/rec/bib/journals/corr/abs-1805-11833},
    bibsource = {dblp computer science bibliography, https://dblp.org}
}

@inproceedings{Garg2019,
    author    = {Neha Priyadarshini Garg and
               David Hsu and
               Wee Sun Lee},
    title     = {DESPOT-Alpha: Online {POMDP} Planning with Large State and Observation
               Spaces},
    booktitle = {Robotics: Science and Systems XV, University of Freiburg, Freiburg
               im Breisgau, Germany, June 22-26, 2019},
    year      = {2019},
    url       = {https://doi.org/10.15607/RSS.2019.XV.006},
    doi       = {10.15607/RSS.2019.XV.006},
    timestamp = {Wed, 18 Sep 2019 11:00:19 +0200},
    biburl    = {https://dblp.org/rec/bib/conf/rss/GargHL19},
    bibsource = {dblp computer science bibliography, https://dblp.org}
}

@Article{Galceran2017,
    author="Galceran, Enric
    and Cunningham, Alexander G.
    and Eustice, Ryan M.
    and Olson, Edwin",
    title="Multipolicy decision-making for autonomous driving via changepoint-based behavior prediction: Theory and experiment",
    journal="Autonomous Robots",
    year="2017",
    month="Aug",
    day="01",
    volume="41",
    number="6",
    pages="1367--1382",
    issn="1573-7527",
    doi="10.1007/s10514-017-9619-z",
    url="https://doi.org/10.1007/s10514-017-9619-z"
}

@Article{Ono2015DP,
    author="Ono, Masahiro
    and Pavone, Marco
    and Kuwata, Yoshiaki
    and Balaram, J.",
    title="Chance-constrained dynamic programming with application to risk-aware robotic space exploration",
    journal="Autonomous Robots",
    year="2015",
    month="Dec",
    day="01",
    volume="39",
    number="4",
    pages="555--571",
    issn="1573-7527",
    doi="10.1007/s10514-015-9467-7",
    url="https://doi.org/10.1007/s10514-015-9467-7"
}

@misc{chow2015,
    title={A Uniform-grid Discretization Algorithm for Stochastic Control with Risk Constraints},
    author={Yin-Lam Chow and Marco Pavone},
    year={2015},
    eprint={1501.02024},
    archivePrefix={arXiv},
    primaryClass={math.OC}
}

@article{Lew2019, 
    author="Thomas Lew and Riccardo Bonalli and Marco Pavone", 
    title="Theoretically Guaranteed Chance-Constrained Sequential Convex Programming for Robust Trajectory Optimization", 
    year="2019"
}

@Article{Ono2015CCMPC,
    author="Ono, Masahiro
    and Pavone, Marco
    and Kuwata, Yoshiaki
    and Balaram, J.",
    title="Chance-constrained dynamic programming with application to risk-aware robotic space exploration",
    journal="Autonomous Robots",
    year="2015",
    month="Dec",
    day="01",
    volume="39",
    number="4",
    pages="555--571",
    issn="1573-7527",
    doi="10.1007/s10514-015-9467-7",
    url="https://doi.org/10.1007/s10514-015-9467-7"
}

@INPROCEEDINGS{Ono2012, 
    author={M. {Ono}}, 
    booktitle={2012 American Control Conference (ACC)}, 
    title={Joint chance-constrained model predictive control with probabilistic resolvability}, 
    year={2012}, 
    volume={}, 
    number={}, 
    pages={435-441}, 
    keywords={convex programming;optimal control;predictive control;probability;robust control;stochastic systems;joint chance constrained model predictive control;probabilistic resolvability;robust model predictive controllers;unbounded stochastic uncertainty;MPC;state constraints;finite-horizon optimal control problem;convex optimization problem;Probabilistic logic;Joints;Radio frequency;Resource management;Optimization;Uncertainty;Optimal control}, 
    doi={10.1109/ACC.2012.6315201}, 
    ISSN={}, 
    month={June},
}

@inbook{Blackmore2012,
    author = {Lars Blackmore and Masahiro Ono},
    title = {Convex Chance Constrained Predictive Control Without Sampling},
    booktitle = {AIAA Guidance, Navigation, and Control Conference},
    chapter = {},
    pages = {},
    doi = {10.2514/6.2009-5876},
    URL = {https://arc.aiaa.org/doi/abs/10.2514/6.2009-5876},
    eprint = {https://arc.aiaa.org/doi/pdf/10.2514/6.2009-5876}
}

@misc{chow2015DTRC,
    title={Stochastic Optimal Control With Dynamic, Time-Consistent Risk Constraints},
    author={Yin-Lam Chow and Marco Pavone},
    year={2015},
    eprint={1511.06980},
    archivePrefix={arXiv},
    primaryClass={math.OC}
}

@INPROCEEDINGS{ono2008, 
    author={ {Masahiro Ono} and B. C. {Williams}}, 
    booktitle={2008 47th IEEE Conference on Decision and Control}, 
    title={Iterative Risk Allocation: A new approach to robust Model Predictive Control with a joint chance constraint}, 
    year={2008}, 
    volume={}, 
    number={}, 
    pages={3427-3432}, 
    doi={10.1109/CDC.2008.4739221}, 
    ISSN={}, 
    month={Dec},
}

@inproceedings{Luders2011,
    author = {Luders, Brandon and How, Jonathan},
    year = {2011},
    month = {03},
    pages = {},
    title = {Probabilistic Feasibility for Nonlinear Systems with Non-Gaussian Uncertainty using RRT},
    journal = {AIAA Infotech at Aerospace Conference and Exhibit 2011},
    doi = {10.2514/6.2011-1589}
}

@inbook{Luders2010,
    author = {Brandon Luders and Mangal Kothari and Jonathan How},
    title = {Chance Constrained RRT for Probabilistic Robustness to Environmental Uncertainty},
    booktitle = {AIAA Guidance, Navigation, and Control Conference},
    chapter = {},
    pages = {},
    doi = {10.2514/6.2010-8160},
    URL = {https://arc.aiaa.org/doi/abs/10.2514/6.2010-8160},
    eprint = {https://arc.aiaa.org/doi/pdf/10.2514/6.2010-8160}
}

@article{Luders2013,
    author = {Brandon D. Luders and Sertac Karaman and Jonathan P. How},
    title = {Robust Sampling-based Motion Planning with Asymptotic Optimality Guarantees},
    booktitle = {AIAA Guidance, Navigation, and Control (GNC) Conference},
    chapter = {},
    pages = {},
    doi = {10.2514/6.2013-5097},
    URL = {https://arc.aiaa.org/doi/abs/10.2514/6.2013-5097},
    eprint = {https://arc.aiaa.org/doi/pdf/10.2514/6.2013-5097}
}

@Article{Aoude2013,
    author="Aoude, Georges S.
    and Luders, Brandon D.
    and Joseph, Joshua M.
    and Roy, Nicholas
    and How, Jonathan P.",
    title="Probabilistically safe motion planning to avoid dynamic obstacles with uncertain motion patterns",
    journal="Autonomous Robots",
    year="2013",
    month="Jul",
    day="01",
    volume="35",
    number="1",
    pages="51--76",
    issn="1573-7527",
    doi="10.1007/s10514-013-9334-3",
    url="https://doi.org/10.1007/s10514-013-9334-3"
}

@article{Ichter2017,
    author    = {Brian Ichter and
               James Harrison and
               Marco Pavone},
    title     = {Learning Sampling Distributions for Robot Motion Planning},
    journal   = {CoRR},
    volume    = {abs/1709.05448},
    year      = {2017},
    url       = {http://arxiv.org/abs/1709.05448},
    archivePrefix = {arXiv},
    eprint    = {1709.05448},
    timestamp = {Mon, 13 Aug 2018 16:47:10 +0200},
    biburl    = {https://dblp.org/rec/bib/journals/corr/abs-1709-05448},
    bibsource = {dblp computer science bibliography, https://dblp.org}
}


@misc{bonalli2019,
    title={GuSTO: Guaranteed Sequential Trajectory Optimization via Sequential Convex Programming},
    author={Riccardo Bonalli and Abhishek Cauligi and Andrew Bylard and Marco Pavone},
    year={2019},
    eprint={1903.00155},
    archivePrefix={arXiv},
    primaryClass={math.OC}
}

@inproceedings{herzog2006,
    author = {Herzog, Florian and Keel, Simon and Dondi, Gabriel and Schumann, L.M. and Geering, Hans},
    year = {2006},
    month = {07},
    pages = {8 pp.},
    title = {Model Predictive Control for portfolio selection},
    volume = {2006},
    doi = {10.1109/ACC.2006.1656389}
}

@Article{calafiore2006,
    author="Calafiore, G. C.
    and Ghaoui, L. El",
    title="On Distributionally Robust Chance-Constrained Linear Programs",
    journal="Journal of Optimization Theory and Applications",
    year="2006",
    month="Jul",
    day="01",
    volume="130",
    number="1",
    pages="1--22",
    issn="1573-2878",
    doi="10.1007/s10957-006-9084-x",
    url="https://doi.org/10.1007/s10957-006-9084-x"
}

@INPROCEEDINGS{hewing2018, 
    author={L. {Hewing} and A. {Carron} and K. P. {Wabersich} and M. N. {Zeilinger}}, 
    booktitle={2018 European Control Conference (ECC)}, 
    title={On a Correspondence between Probabilistic and Robust Invariant Sets for Linear Systems}, 
    year={2018}, 
    volume={}, 
    number={}, 
    pages={1642-1647}, 
    keywords={control system synthesis;Gaussian processes;linear systems;predictive control;probability;robust control;set theory;stochastic systems;dynamical systems;linear systems;gaussian disturbances;stochastic uncertainties;probabilistic invariant sets;robust invariant set;Probabilistic logic;Linear systems;Stochastic processes;Gaussian distribution;Random variables;Additives;Control systems}, 
    doi={10.23919/ECC.2018.8550160}, 
    ISSN={}, 
    month={June},
}

@article{ansari2017,
    author    = {Alex Ansari and
               Todd D. Murphey},
    title     = {Sequential Action Control: Closed-Form Optimal Control for Nonlinear
               and Nonsmooth Systems},
    journal   = {CoRR},
    volume    = {abs/1708.09347},
    year      = {2017},
    url       = {http://arxiv.org/abs/1708.09347},
    archivePrefix = {arXiv},
    eprint    = {1708.09347},
    timestamp = {Mon, 13 Aug 2018 16:47:18 +0200},
    biburl    = {https://dblp.org/rec/bib/journals/corr/abs-1708-09347},
    bibsource = {dblp computer science bibliography, https://dblp.org}
}

@inproceedings{nishimura2019,
  title={SACBP : Belief Space Planning for Continuous-Time Dynamical Systems via Stochastic Sequential Action Control},
  author={Haruki Nishimura and Mac Schwager},
  year={2019}
}

@incollection{silver2010,
    title = {Monte-Carlo Planning in Large POMDPs},
    author = {Silver, David and Veness, Joel},
    booktitle = {Advances in Neural Information Processing Systems 23},
    editor = {J. D. Lafferty and C. K. I. Williams and J. Shawe-Taylor and R. S. Zemel and A. Culotta},
    pages = {2164--2172},
    year = {2010},
    publisher = {Curran Associates, Inc.},
    url = {http://papers.nips.cc/paper/4031-monte-carlo-planning-in-large-pomdps.pdf}
}

@incollection{pytorch,
title = {PyTorch: An Imperative Style, High-Performance Deep Learning Library},
author = {Paszke, Adam and Gross, Sam and Massa, Francisco and Lerer, Adam and Bradbury, James and Chanan, Gregory and Killeen, Trevor and Lin, Zeming and Gimelshein, Natalia and Antiga, Luca and Desmaison, Alban and Kopf, Andreas and Yang, Edward and DeVito, Zachary and Raison, Martin and Tejani, Alykhan and Chilamkurthy, Sasank and Steiner, Benoit and Fang, Lu and Bai, Junjie and Chintala, Soumith},
booktitle = {Advances in Neural Information Processing Systems 32},
editor = {H. Wallach and H. Larochelle and A. Beygelzimer and F. d\textquotesingle Alch\'{e}-Buc and E. Fox and R. Garnett},
pages = {8024--8035},
year = {2019},
publisher = {Curran Associates, Inc.},
url = {http://papers.neurips.cc/paper/9015-pytorch-an-imperative-style-high-performance-deep-learning-library.pdf}
}

@misc{tensorflow,
title={ {TensorFlow}: Large-Scale Machine Learning on Heterogeneous Systems},
url={https://www.tensorflow.org/},
note={Software available from tensorflow.org},
author={
    Mart\'{\i}n~Abadi and
    Ashish~Agarwal and
    Paul~Barham and
    Eugene~Brevdo and
    Zhifeng~Chen and
    Craig~Citro and
    Greg~S.~Corrado and
    Andy~Davis and
    Jeffrey~Dean and
    Matthieu~Devin and
    Sanjay~Ghemawat and
    Ian~Goodfellow and
    Andrew~Harp and
    Geoffrey~Irving and
    Michael~Isard and
    Yangqing Jia and
    Rafal~Jozefowicz and
    Lukasz~Kaiser and
    Manjunath~Kudlur and
    Josh~Levenberg and
    Dandelion~Man\'{e} and
    Rajat~Monga and
    Sherry~Moore and
    Derek~Murray and
    Chris~Olah and
    Mike~Schuster and
    Jonathon~Shlens and
    Benoit~Steiner and
    Ilya~Sutskever and
    Kunal~Talwar and
    Paul~Tucker and
    Vincent~Vanhoucke and
    Vijay~Vasudevan and
    Fernanda~Vi\'{e}gas and
    Oriol~Vinyals and
    Pete~Warden and
    Martin~Wattenberg and
    Martin~Wicke and
    Yuan~Yu and
    Xiaoqiang~Zheng},
  year={2015},
}

@ARTICLE{Helbling1995,
       author = {{Helbing}, Dirk and {Moln{\'a}r}, P{\'e}ter},
        title = "{Social force model for pedestrian dynamics}",
      journal = {\pre},
     keywords = {05.40.+j, 46.10.+z, 34.10.+x, 89.50.+r, General theories and models of atomic and molecular collisions and interactions, Condensed Matter - Statistical Mechanics, Nonlinear Sciences - Pattern Formation and Solitons},
         year = 1995,
        month = may,
       volume = {51},
       number = {5},
        pages = {4282-4286},
          doi = {10.1103/PhysRevE.51.4282},
archivePrefix = {arXiv},
       eprint = {cond-mat/9805244},
 primaryClass = {cond-mat.stat-mech},
       adsurl = {https://ui.adsabs.harvard.edu/abs/1995PhRvE..51.4282H},
      adsnote = {Provided by the SAO/NASA Astrophysics Data System}
}
